<record><leader>00000cas a22000007a 4500</leader><controlfield tag="001">16241104</controlfield><controlfield tag="008">870720d19031908inudn ne      0    0eng d</controlfield><datafield ind1=" " ind2=" " tag="010"><subfield code="a">sn 87056511 </subfield></datafield><datafield ind1=" " ind2=" " tag="040"><subfield code="a">NPI</subfield><subfield code="b">eng</subfield><subfield code="c">NPI</subfield><subfield code="d">NSD</subfield><subfield code="d">OCLCQ</subfield></datafield><datafield ind1=" " ind2=" " tag="042"><subfield code="a">msc</subfield></datafield><datafield ind1="0" ind2="4" tag="245"><subfield code="a">The Indianapolis commercial-reporter.</subfield></datafield><datafield ind1=" " ind2=" " tag="260"><subfield code="a">Indianapolis, Ind. :</subfield><subfield code="b">Reporter Pub. Co.,</subfield><subfield code="c">1903-1908.</subfield></datafield><datafield ind1=" " ind2=" " tag="310"><subfield code="a">Daily (except Sun.)</subfield></datafield><datafield ind1="0" ind2=" " tag="362"><subfield code="a">Vol. 16, no. 68 (May 20, 1903)-v. 26, no. 35 (Apr. 13, 1908).</subfield></datafield><datafield ind1=" " ind2=" " tag="752"><subfield code="a">United States</subfield><subfield code="b">Indiana</subfield><subfield code="c">Marion</subfield><subfield code="d">Indianapolis.</subfield></datafield><datafield ind1="0" ind2="0" tag="780"><subfield code="t">Daily reporter (Indianapolis, Ind.)</subfield><subfield code="w">(DLC)sn 85047608</subfield></datafield><datafield ind1="0" ind2="0" tag="785"><subfield code="t">Indianapolis commercial</subfield><subfield code="x">1059-9649</subfield><subfield code="w">(DLC)sn 87056512</subfield><subfield code="w">(OCoLC)16241266</subfield></datafield></record>